@article{DCMLDFPC,
    author  = "Alexander Ern, Craig C. Douglas and Mitchell D. Smooke",
    title   = "Detailed Chemistry Modelling Of Laminar Diffusion Flames On Parallel Computers",
    year    = "",
    journal = "",
    volume  = "",
    number  = "",
    pages   = ""
}

@article{Streng,
    author  = "A.G. Streng and A.V Grosse",
    title   = "The Ozone To Oxygen Flame",
    year    = "1957",
    journal = "Symposium, International, on Combustion",
    volume  = "6",
    issue  = "1",
    pages   = "264 -- 272"
}

@article{Heimerl,
    author  = "J.M. Heimerl and T.P. Coffee",
    title   = "The Detailed Modelling Of Premixed, Laminar Steady State Flames. I. Ozone",
    year    = "1980",
    journal = "Combustion and Flame",
    volume  = "39",
    issue  = "3",
    pages   = "301 -- 315"
}

@article{Amable,
    author  = "Amable Linan, Marcos Vera and Antonio L. Sanchez",
    title   = "Ignition, Liftoff and Extinction Of Gaseous Diffusion Flames",
    year    = "2015",
    journal = "Annual Review Of Fluid Mechanics",
    volume  = "",
    issue  = "",
    pages   = "293 -- 311"
}

@article{Oden,
    author  = "S. Prudhomme, J.T. Oden",
    title   = "On Goal Oriented Error Estimation For Elliptic Problems: Application To The Control Of Pointwise Errors",
    year    = "1999",
    journal = "Computational Methods In Applied Mechanics and Engineering",
    volume  = "",
    issue  = "",
    pages   = "313 -- 331"
}

@article{Eric,
    author  = "Erik Burman, Alexander Ern and Vincent Giovangigli",
    title   = "Bunsen Flame Simulation By Finite Elements On Adaptively Refined, Unstructured Triangulations",
    year    = "2004",
    journal = "Combustion Theory and Modelling",
    volume  = "8",
    issue  = "",
    pages   = "65 -- 84"
}

@article{Becker,
    author  = "R Becker, M Braack and B Vexler",
    title   = "Numerical Parameter Estimation For Chemical Models In Multidimensional Reactive Flows",
    year    = "2004",
    journal = "Combustion Theory and Modelling",
    volume  = "8",
    issue  = "",
    pages   = "661 -- 682"
}

@article{Juan,
    author  = "Juan Li, Zhenwei Zhao, Andrei Kazakov, Frederick L. Dryer",
    title   = "An Updated Comprehensive Kinetic Model Of Hydrogen Combustion ",
    year    = "2004",
    journal = "Int J Chem Kinet",
    volume  = "36",
    issue  = "",
    pages   = "566 -- 575"
}
@article{Juan,
    author  = "Juan Li, Zhenwei Zhao, Andrei Kazakov, Frederick L. Dryer",
    title   = "An Updated Comprehensive Kinetic Model Of Hydrogen Combustion ",
    year    = "2004",
    journal = "Int J Chem Kinet",
    volume  = "36",
    issue  = "",
    pages   = "566 -- 575"
}
@article{Muller,
    author  = {Bernhard M\"{u}ller},
    title   = "Low Mach Number Asysmptotics Of The Navier Stokes Equations",
    year    = "1998",
    journal = "Journal Of Engineering Mathematics",
    volume  = "34",
    issue  = "",
    pages   = "97 -- 109"
}

@article{Codina,
    author  = "Ramona Codina",
    title   = "Mathematical Models For Thermally Coupled Low Speed Flows",
    year    = "2009",
    journal = "Advanced Theoretical Applied Mechanics",
    volume  = "2",
    issue  = "",
    pages   = "93 -- 112"
}


@article{Monchick,
    author  = "L. Monchick and E. A. Mason",
    title   = "Transport properties of polar gases",
    year    = "1961",
    journal = "The Journal of Chemical Physics",
    volume  = "",
    issue  = "",
    pages   = ""
}


@article{Kuo,
    author  = "Kenneth K. Kuo",
    title   = "Principles of Combustion",
    year    = "2005",
    journal = "",
    volume  = "",
    issue  = "",
    pages   = ""
}


@article{Kuo,
    author  = "Kenneth K. Kuo",
    title   = "Principles of Combustion",
    year    = "2005",
    journal = "",
    volume  = "",
    issue  = "",
    pages   = ""
}


@article{Kee,
    author  = "Robert J. Kee, Michael E. Coltrin, and Peter Glarborg",
    title   = "Chemically Reacting Flows",
    year    = "2003",
    journal = "",
    volume  = "",
    issue  = "",
    pages   = ""
}


@article{Smooke,
    author  = "Mitchell D. Smooke, James A. Miller and Robert J. Kee",
    title   = "Determination of Adiabatic Flame Speeds by Boundary Value Methods ",
    year    = "1983",
    journal = "Combustion Science and Technology",
    volume  = "34",
    issue  = "1-6",
    pages   = "79-90"
}

@article{Svehla,
    author  = "R.A Svehla",
    title   = "Estimating Viscocities and Thermal Conductivity of Gases at High Tempeartures ",
    year    = "1962",
    journal = "",
    volume  = "",
    issue  = "",
    pages   = ""
}

@article{Curtiss,
    author  = "J.O. Hirschfelder, C.F. Curtiss and R.B. Bird",
    title   = "Molecular Theory of Gases and Liquids  ",
    year    = "1954",
    journal = "",
    volume  = "",
    issue  = "",
    pages   = ""
}

@article{Warnatz,
    author  = "J.Warnatz",
    title   = "Numerical Methods in Flame Propagation",
    year    = "1982",
    journal = "",
    volume  = "",
    issue  = "",
    pages   = ""
}

@article{Parker,
    author  = "J.G. Parker",
    title   = "Physics of Fluids",
    year    = "1959",
    journal = "",
    volume  = "52",
    issue  = "",
    pages   = ""
}

@article{Jonkman,
    author  = "C.C Brau and R.M. Jonkman",
    title   = "",
    year    = "1970",
    journal = "Journal of Chemical Physics",
    volume  = "",
    issue  = "",
    pages   = ""
}

@article{Wilke,
    author  = "C.R. Wilke",
    title   = "",
    year    = "1950",
    journal = "Journal of Chemical Physics",
    volume  = "",
    issue  = "",
    pages   = ""
}



@article{Bird,
    author  = "R.B Bird, W.E. Stewart, and E.N. Lightfoot",
    title   = "Transport Phenomena John Wiley and Sons",
    year    = "1960",
    journal = "",
    volume  = "",
    issue  = "",
    pages   = ""
}


@article{Andrew,
    author  = "Andrews, G.E. and Bradley",
    title   = "in Combustion Flame",
    year    = "1972",
    journal = "",
    volume  = "",
    issue  = "",
    pages   = ""
}

@article{law,
    author  = "Zhu, D.L, Egolfopoulos, F.N. and Law, C.K",
    title   = "The Combusition institute ",
    year    = "1984",
    journal = "",
    volume  = "",
    issue  = "",
    pages   = "1941-1949"
}

@article{tien,
    author  = "Tien, J.H and Matalon, M",
    title   = "The Combusition institute ",
    year    = "1988",
    journal = "",
    volume  = "",
    issue  = "",
    pages   = "1381-1402"
}


@article{dixon,
    author  = "Dixon- Lewis, G.",
    title   = "The Combusition institute ",
    year    = "1990	",
    journal = "",
    volume  = "",
    issue  = "",
    pages   = "305-324"
}


@article{lewis,
    author  = "B. Lewis and G. von Elbe",
    title   = "Combustion, Flames and Explosion of Gases ",
    year    = "1961",
    journal = "",
    volume  = "",
    issue  = "",
    pages   = ""
}

@article{powling,
    author  = "J. Powling",
    title   = "Fuel ",
    year    = "1949",
    journal = "",
    volume  = "",
    issue  = "",
    pages   = ""
}

@article{spalding,
    author  = "D.B Spalding and J.P. Botha ",
    title   = "Proc. Roy. Soc. London ",
    year    = "1954",
    journal = "",
    volume  = "",
    issue  = "",
    pages   = ""
}

@article{eckbreth,
    author  = "A.C. Eckbreth",
    title   = "Laser Diagnostics for Combustion Temperature and species ",
    year    = "1996",
    journal = "",
    volume  = "",
    issue  = "",
    pages   = ""
}